@ARTICLE{mongovspostgres,
    author="Antonios Makris, Konstantinos Tserpes, Giannis Spiliopoulos, and Dimosthenis Anagnostopoulos",
    title="{Performance Evaluation of MongoDB and PostgreSQL for spatio-temporal data}",
    journal="CEUR Workshop Proceedings",
    volume="2322",
    year="2019"
}

@ARTICLE{socialdata,
    author="Yaowen Chen",
    title="{Comparison of Graph Databases and Relational Databases When Handling Large-Scale Social Data}",
    journal="Published masters thesis",
    institution="University of Saskatchewan, Saskatoon",
    year="2016"
}

@ARTICLE{twitterdata,
    author="Luke Sloan and Jeffrey Morgan",
    title="Who tweets with their location? under-standing the relationship between demographic characteristics and the use of geoservices and geotagging on twitter",
    journal="PloS one",
    volume="U10(11):e0142209",
    year="2015"
}

@MISC{yelpdataset,
    howpublished="\url{https://www.yelp.com/dataset/challenge/}",
    author="Yelp Inc.",
    title="{Yelp Dataset Challenge}",
    month="Jan-Dec",
    year="2019"
}

@MISC{flask,
    howpublished="\url{https://palletsprojects.com/p/flask/}",
    author="Armin Ronacher and contributors.",
    title="Flask",
    year="2015"
}

@MISC{angular,
    howpublished="\url{https://angular.io/}",
    author="Google and contributors.",
    title="Angular",
    year="2010"
}

@MISC{acid,
    howpublished="\url{https://database.guide/what-is-acid-in-databases/}",
    author="Ian",
    title="{What does ACID mean in Database Systems?}",
    month="June",
    day="20",
    year="2016"
}

@ARTICLE{cap,
    author="S.~Gilbert and N.~Lynch",
    title="{Perspectives on the CAP Theorem}",
    journal="Computer",
    volume="45",
    number="2",
    year="2012",
    pages="30--36",
    doi={10.1109/MC.2011.389}
}

@ARTICLE{relational-db,
    author="E.F.~Codd",
    title="{Relational Database: A Practical Foundation for Productivity}",
    journal="Readings in Artificial Intelligence and Databases",
    year="1989",
    pages="60--68",
    doi={10.1016/B978-0-934613-53-8.50009-1}
}

@ARTICLE{nosql-db,
    author="A.B.M.~Moniruzzaman and S.A.~Hossain",
    title="{NoSQL Database: New Era of Databases for Big data Analytics - Classification, Characteristics and Comparison}",
    journal="International Journal of Database Theory and Application",
    year="2013",
    volume="6",
    number="4"
}

@MISC{tigergraph-mpp,
    author="Alin Deutsch, Yu Xu, Mingxi Wu, and Victor Lee",
    title="{TigerGraph: A Native MPP Graph Database}",
    howpublished="arXiv:1901.08248",
    year="2019"
}

@MISC{tigergraph-benchmark,
    author="Florin Rusu \& Zhiyi Huang",
    title="{Benchmarking Graph Analytic Systems: TigerGraph, Neo4j, Neptune, JanusGraph, and ArangoDB}",
    howpublished="arXiv:1907.07405",
    organization="TigerGraph Inc.",
    year="2019"
}

@ARTICLE{hstore,
    author="Evan PC Jones, Samuel Madden, Michael Stonebraker, Yang Zhang, John Hugg, and Daniel J. Abadi",
    title="{H-store: a high-performance, distributed main memory transaction processing system}",
    journal="Proceedings of the VLDB Endowment",
    pages="1496--1499",
    volume="1",
    number="2",
    year="2008"
}

@ARTICLE{base,
    author="D.~Ganesh Chandra",
    title="{BASE analysis of NoSQL database}",
    journal="Future Generation Computer Systems",
    volume="52",
    pages="13--21",
    year="2015"
}

@ARTICLE{keyvalue-article,
    author="Luca Castellano",
    title="Distributed, transactional key-value store",
    journal="U.S. Patent 9,037,556",
    year="2015"
}

@ARTICLE{docstore-article,
    author="V.~Manoj",
    title="{Comparative study of NoSQL document, column store databases and evaluation of Cassandra}",
    journal="International Journal of Database Management Systems",
    volume="6",
    number="4",
    pages="11",
    year="2014"
}

@ARTICLE{data-in-nosql,
    author="J.~Pokorny",
    title="{NoSQL databases: a step to database scalability in web environment}",
    journal="International Journal of Web Information Systems",
    volume="9",
    number="1",
    pages="69--82",
    doi={10.1108/17440081311316398}, 
    year="2013"
}

@ARTICLE{clost,
    author="Haoyu Tan, Wuman Luo, and Lionel Ni",
    title="{CloST: A Hadoop-based Storage System for Big Spatio-Temporal Data Analytics}",
    journal="CIKM '12 Proceedings of the 21st ACM international conference on Information and knowledge management",
    pages="2139--2143",
    year="2012"
}

@ARTICLE{spatiotemporal-epidemiology,
    author="Jaymie R. Meliker, Melissa J. Slotnick, Gillian A. AvRuskin, Andrew Kaufmann, Geoffrey M. Jacquez, and Jerome O. Nriagu",
    title="{Improving exposure assessment in environmental epidemiology: Application of spatio-temporal visualization tools}",
    journal="Journal of Geographical Systems",
    volume="7",
    number="1",
    pages="49--66",
    doi={10.1007/s10109-005-0149-4}, 
    year="2005"
}

@article{rao2012spatiotemporal,
  title={Spatiotemporal data mining: Issues, tasks and applications},
  author={K.~Venkateswara Rao, A.~Govardhan, and K.V.~Chalapati Rao},
  journal={International Journal of Computer Science and Engineering Survey},
  volume={3},
  number={1},
  pages={39},
  year={2012},
  publisher={Academy \& Industry Research Collaboration Center (AIRCC)}
}

@ARTICLE{btree,
    author="Douglas Comer",
    title="{The Ubiquitous B-Tree}",
    journal="Computing Surveys",
    volume="11",
    number="2",
    pages="1--4",
    year="1979"
}

@ARTICLE{rtree,
    author="D.M. Gavrila",
    title="{R-Tree Index Optimization}",
    journal="TR-3292",
    institution="Universirt of Maryland, College Park",
    year="1994"
}

@MISC{graphgurus,
    howpublished="\url{https://www.youtube.com/watch?v=gPF_SXibDxw&t=887s}",
    author="Xinyu Chang",
    title="{Graph Gurus Episode 8: Location, Location, Location}",
    year="2019"
}

@MISC{gremlin-tinkerpop,
    howpublished="\url{https://tinkerpop.apache.org/gremlin.html}",
    author="Apache",
    title="{The Gremlin Graph Traversal Machine and Language}",
    year="2019"
}

@MISC{tinkerpop-docs,
    howpublished="\url{http://tinkerpop.apache.org/docs/3.3.0/reference/}",
    author="Apache",
    title="{TinkerPop3 Documentation}",
    year="2019"
}

@MISC{most-used-glang,
    howpublished="\url{https://leapgraph.com/graph-query-languages}",
    author="Nous Populi",
    title="WHAT IS THE MOST WIDELY-USED GRAPH QUERY LANGUAGE IN 2018?",
    year="2018"
}

@MISC{opencypher,
    howpublished="\url{https://www.opencypher.org}",
    author="Neo4j Inc.",
    title="{openCypher}",
    year="2018"
}

@MISC{backtothefuture,
    howpublished="\url{https://www.zdnet.com/article/back-to-the-future-does-graph-database-success-hang-on-query-language/}",
    author="George Anadiotis",
    title="{Back to the future: Does graph database success hang on query language?}",
    year="2018"
}

@MISC{modern-graph-query-lang,
    howpublished="\url{https://www.kdnuggets.com/2018/06/modern-graph-query-language-gsql.html}",
    author="Yu Xu",
    title="{Modern Graph Query Language -- GSQL}",
    year="2019"
}

@ARTICLE{foundations-of-modern-gql,
    author="Angles, Renzo and Arenas, Marcelo and Barceló, Pablo and Hogan, Aidan and Reutter, Juan and Vrgoc, Domagoj",
    title="{Foundations of Modern Graph Query Languages}",
    journal="SAIM J. Comput.",
    volume="30",
    number="3",
    pages="809--837",
    month="10",
    year="2016"
}


@ARTICLE{route-finding,
    author="Christopher L. Barrett, Riko Jacob, and Madhav V. Marathe",
    title="{Formal-language-constrainted path problems}",
    journal="SAIM J. Comput.",
    volume="30",
    number="3",
    pages="809--837",
    year="2000"
}

@REPORT{gsql-tigergraph,
    author="Mingxi Wu \& Alin Deutsch",
    title="{GSQL: An SQL-Inspired Graph Query Language}",
    institution="UC San Diego",
    year="2018"
}

@MISC{janusgraph-comp-index,
    howpublished="\url{https://docs.janusgraph.org/v0.2/basics/index-performance/}",
    author="JanusGraph",
    title="{Indexing for Better Performance}",
    year="2019"
}

@MISC{janusgraph-mixed-index,
    howpublished="\url{https://docs.janusgraph.org/v0.2/index-backend/}",
    author="JanusGraph",
    title="{Index Backend}",
    year="2019"
}

@MISC{es-bkdtree-index,
    howpublished="\url{https://www.elastic.co/blog/numeric-and-date-ranges-in-elasticsearch-just-another-brick-in-the-wall}",
    author="Nick Knize",
    title="{Numeric and Date Ranges in Elasticsearch: Just Another Brick in the Wall}",
    day="5",
    month="1",
    year="2017"
}

@MISC{providentia-meaning,
    howpublished="\url{https://pantheon.org/articles/p/providentia.html}",
    author="MCMXCV–MMXIX Encyclopedia Mythica",
    title="{Providentia}",
    year="1997"
}

@MISC{post-vs-mysql,
    howpublished="\url{https://blog.panoply.io/postgresql-vs.-mysql}",
    author="Jason Harris",
    title="{PostgreSQL Vs. MySQL: Differences In Performance, Syntax, And Features}",
    year="2018"
}

@MISC{postgres-about,
    howpublished="\url{https://www.postgresql.org/about/}",
    author="The PostgreSQL Global Development Group",
    title="{PostgreSQL About}",
    year="2019"
}

@MISC{janusgraph-readme,
    howpublished="\url{https://github.com/JanusGraph/janusgraph/blob/master/README.md#powered-by-janusgraph}",
    author="Oleksandr Porunov",
    title="{JanusGraph GitHub}",
    year="2019"
}

@MISC{janusgraph-main,
    howpublished="\url{https://janusgraph.org/}",
    author="JanusGraph Authors",
    title="{JanusGraph}",
    year="2019"
}

@MISC{janusgraph-titan,
    howpublished="\url{https://docs.janusgraph.org/advanced-topics/migrating/}",
    author="JanusGraph Authors",
    title="{Migrating from Titan}",
    year="2019"
}

@MISC{janusgraph-docs,
    howpublished="\url{https://docs.janusgraph.org/}",
    author="JanusGraph Authors",
    title="{Introduction: The Benefits of JanusGraph}",
    year="2019"
}

@MISC{titan-cap,
    howpublished="\url{http://s3.thinkaurelius.com/docs/titan/1.0.0/benefits.html#_titan_and_the_cap_theorem}",
    author="Titan Authors",
    title="{Chapter 1. The Benefits of Titan}",
    year="2015"
}

@unpublished{conference-trip,
    title={Product implementation discussion call},
    author={Trip Beernink},
    year={2019},
    note={Request A Demo Service by TigerGraph},
    URL={\url{https://www.tigergraph.com/request-a-demo/}},
}

@MISC{tigergraph-award,
    howpublished="\url{https://www.globenewswire.com/news-release/2018/09/13/1570776/0/en/TigerGraph-Wins-Strata-Data-s-Most-Disruptive-Startup-Award.html}",
    author="Lila Razzaqui",
    title="{TigerGraph Wins Strata Data’s “Most Disruptive Startup” Award}",
    year="2018"
}

@MISC{tigergraph-infoworld,
    howpublished="\url{https://www.infoworld.com/article/3328438/tigergraph-review-a-graph-database-designed-for-deep-analytics.html}",
    author="Martin Heller",
    title="{TigerGraph review: A graph database designed for deep analytics}",
    year="2018"
}

@MISC{sentiment-analysis-gupta,
    howpublished="\url{https://towardsdatascience.com/sentiment-analysis-concept-analysis-and-applications-6c94d6f58c17}",
    author="Shashank Gupta",
    title="{Sentiment Analysis: Concept, Analysis and Applications}",
    year="2018"
}

@inproceedings{rish2001empirical,
  title={An empirical study of the naive Bayes classifier},
  author={Rish, Irina and others},
  booktitle={IJCAI 2001 workshop on empirical methods in artificial intelligence},
  volume={3},
  number={22},
  pages={41--46},
  year={2001}
}

@MISC{SamiraMunir,
    howpublished="\url{https://towardsdatascience.com/basic-binary-sentiment-analysis-using-nltk-c94ba17ae386}",
    author="Samira Munir",
    title="{Basic Sentiment Analysis using NLTK}",
    year="2019"
}

@inproceedings{blanco2011some,
  title={Some issues on detecting negation from text},
  author={Blanco, Eduardo and Moldovan, Dan},
  booktitle={Twenty-Fourth International FLAIRS Conference},
  year={2011}
}

@MISC{yelp-trends-zhang,
    howpublished="\url{https://medium.com/@zhiwei_zhang/final-blog-642fb9c7e781}",
    author="Zhiwei Zhang",
    title="{Machine Learning and Visualization with Yelp Dataset}",
    year="2017"
}